<?xml version="1.0" encoding="UTF-8"?><record xmlns="http://www.loc.gov/MARC21/slim" xmlns:cinclude="http://apache.org/cocoon/include/1.0" xmlns:zs="http://www.loc.gov/zing/srw/">
  <leader>00401nz  a2200133n  4500</leader>
  <controlfield tag="001">no 89016124 </controlfield>
  <controlfield tag="003">DLC</controlfield>
  <controlfield tag="005">19891106174524.5</controlfield>
  <controlfield tag="008">891023n| acannaab|          |n aaa     c</controlfield>
  <datafield tag="010" ind1=" " ind2=" ">
    <subfield code="a">no 89016124 </subfield>
  </datafield>
  <datafield tag="040" ind1=" " ind2=" ">
    <subfield code="a">MdU</subfield>
    <subfield code="c">MdU</subfield>
  </datafield>
  <datafield tag="100" ind1="1" ind2="0">
    <subfield code="a">Watts, John,</subfield>
    <subfield code="d">1818-1887</subfield>
  </datafield>
  <datafield tag="670" ind1=" " ind2=" ">
    <subfield code="a">His The alphabet of political economy, 1847:</subfield>
    <subfield code="b">t.p. (John Watts, Ph. D.)</subfield>
  </datafield>
  <datafield tag="670" ind1=" " ind2=" ">
    <subfield code="a">LC data base, 9/12/89</subfield>
    <subfield code="b">(hdg.: Watts, John, 1818-1887)</subfield>
  </datafield>
</record>